<?xml version="1.0" encoding="UTF-8"?><collection xmlns="http://www.loc.gov/MARC21/slim"><record><leader>00526nam--2200181-i-4500</leader><controlfield tag="001">000013351</controlfield><controlfield tag="002">20161230</controlfield><controlfield tag="005">20161230201030</controlfield><controlfield tag="008">060222s1000------------r-----000-0-fre-d</controlfield><datafield ind1=" " ind2=" " tag="040"><subfield code="a">IFIN-HH</subfield></datafield><datafield ind1=" " ind2=" " tag="041"><subfield code="a">fre</subfield></datafield><datafield ind1=" " ind2=" " tag="080"><subfield code="a">537.876.45(043)</subfield></datafield><datafield ind1="1" ind2=" " tag="100"><subfield code="a">Chartier,Jacques</subfield></datafield><datafield ind1="1" ind2="0" tag="245"><subfield code="a">Etude du champ electromagnetique induit dans une cavite cylindrique par un rayonnement ionisant</subfield><subfield code="b">These</subfield><subfield code="c">Jacques chartier</subfield></datafield><datafield ind1=" " ind2=" " tag="260"><subfield code="a">Paris</subfield><subfield code="b">Universite</subfield><subfield code="c">1979</subfield></datafield><datafield ind1=" " ind2=" " tag="300"><subfield code="a">110 P</subfield></datafield><datafield ind1=" " ind2=" " tag="852"><subfield code="a">48494</subfield><subfield code="c">537:538</subfield></datafield><datafield ind1=" " ind2=" " tag="CAT"><subfield code="a">Sys</subfield><subfield code="c">20110623</subfield><subfield code="h">160859</subfield></datafield></record></collection>